@misc{cryptoeprint:2023/815,
      author = {Morten Dahl and Daniel Demmler and Sarah El Kazdadi and Arthur Meyre and Jean-Baptiste Orfila and Dragos Rotaru and Nigel P. Smart and Samuel Tap and Michael Walter},
      title = {Noah's Ark: Efficient Threshold-FHE Using Noise Flooding},
      howpublished = {Cryptology ePrint Archive, Paper 2023/815},
      year = {2023},
      doi = {10.1145/3605759.3625259},
      note = {\url{https://eprint.iacr.org/2023/815}},
      url = {https://eprint.iacr.org/2023/815}
}

@misc{cryptoeprint:2023/600,
      author = {Beatrice Biasioli and Chiara Marcolla and Marco Calderini and Johannes Mono},
      title = {Improving and Automating BFV Parameters Selection: An Average-Case Approach},
      howpublished = {Cryptology ePrint Archive, Paper 2023/600},
      year = {2023},
      note = {\url{https://eprint.iacr.org/2023/600}},
      url = {https://eprint.iacr.org/2023/600}
}

@inproceedings {294637,
	title = {Key Recovery Attacks on Approximate Homomorphic Encryption with {Non-Worst-Case} Noise Flooding Countermeasures},
	booktitle = {33rd USENIX Security Symposium (USENIX Security 24)},
	year = {2024},
	address = {Philadelphia, PA},
	url = {https://www.usenix.org/conference/usenixsecurity24/presentation/guo},
	publisher = {USENIX Association},
	month = aug,
	author = {Qian Guo and Denis Nabokov and Elias Suvanto and Thomas Johansson}
}

@misc{cryptoeprint:2017/257,
      author = {Aayush Jain and Peter M.  R.  Rasmussen and Amit Sahai},
      title = {Threshold Fully Homomorphic Encryption},
      howpublished = {Cryptology ePrint Archive, Paper 2017/257},
      year = {2017},
      note = {\url{https://eprint.iacr.org/2017/257}},
      url = {https://eprint.iacr.org/2017/257}
}

